% !TEX TS-program = XeLaTeX
% !TEX encoding = UTF--8 Unicode

@book{DXM2005,
title={西方哲学史},
author={邓晓芒 and 赵林},
language={CN},
year={2005},
publisher={高等教育出版社},
address = {北京}
}

@article{DXM2000,
title={什么是艺术作品的本源?——海德格尔与马克思美学思想的一个比较},
author={邓晓芒},
journal={哲学研究},
language={CN},
volume={10},
number={8},
pages={58--64},
year={2000}
}

@article{LQL1999,
title={康德何以步安瑟尔谟的后尘?},
author={李秋零},
language={CN},
journal={中国人民大学学报},
volume={2},
year={1999}
}

@book{FK1981,
title={弹性结构的数学理论},
author={冯康 and 石钟慈 and 何政动 and 赵林},
language={CN},
year={1981},
publisher={科学出版社},
address = {北京}
}

@book{braun2007,
title={A first course in statistical programming with R},
author={Braun, J. and Murdoch, D.J.},
volume={25},
year={2007},
publisher={Cambridge University Press Cambridge},
address = {New York, NY, USA}
}

@article{strawderman2001,
title={Monte Carlo methods in statistical physics},
author={Strawderman, R.L.},
journal={Journal of the American Statistical Association},
volume={96},
number={454},
pages={778--778},
year={2001},
publisher={ASA},
}

@book{kelton2002,
title={Simulation with ARENA},
author={Kelton, W.D. and Sadowski, R.P. and Sadowski, D.A.},
volume={3},
year={2002},
publisher={McGraw--Hill Boston, MA},
address={Linkping, SW}
}

@article{OJP1991,
title={设计用随机地震动的模型及其参数确定},
author={欧进萍 and 牛荻涛 and 杜修力 and 赵林},
journal={地震工程与工程振动},
volume={11},
language={CN},
number={3},
pages={45--53},
year={1991}
}

@article{OJP1999,
title={钢筋混凝土结构基于地震损伤性能的设计},
author={欧进萍 and 何政 and 何政动 and 赵林},
journal={地震工程与工程振动},
volume={19},
language={CN},
number={1},
pages={21--30},
year={1999}
}
